@Book{Hartley2004,
    author = "Hartley, R.~I. and Zisserman, A.",
    title = "Multiple View Geometry in Computer Vision",
    edition = "Second",
    year = "2004",
    publisher = "Cambridge University Press, ISBN: 0521540518"
}

@inproceedings{terzakis2020consistently,
  title={A Consistently Fast and Globally Optimal Solution to the Perspective-$n$-Point Problem},
  author={Terzakis, George and Lourakis, Manolis},
  booktitle={European Conference on Computer Vision},
  pages={478--494},
  year={2020},
  organization={Springer}
}

@article{zhang2000flexible,
  title={A Flexible New Technique for Camera Calibration},
  author={Zhang, Zhengyou},
  journal={IEEE Transactions on Pattern Analysis and Machine Intelligence},
  volume={22},
  number={11},
  pages={1330--1334},
  year={2000},
  publisher={IEEE}
}

@article{duane1971close,
  title={Close-range Camera Calibration},
  author={Brown, Duane C.},
  journal={Photogrammetric Engineering},
  volume={37},
  number={8},
  pages={855--866},
  year={1971}
}

@inproceedings{triggs1999bundle,
  title={Bundle Adjustment---A Modern Synthesis},
  author={Triggs, Bill and McLauchlan, Philip F and Hartley, Richard I and Fitzgibbon, Andrew W},
  booktitle={International Workshop on Vision Algorithms},
  pages={298--372},
  year={1999},
  organization={Springer}
}

@book{bimber2019spatial,
  title={Spatial Augmented Reality: Merging Real and Virtual Worlds},
  author={Bimber, Oliver and Raskar, Ramesh},
  year={2019},
  publisher={AK Peters/CRC Press}
}

@article{van2010survey,
  title={A Survey of Augmented Reality Technologies, Applications and Limitations},
  author={Van Krevelen, DWF and Poelman, Ronald},
  journal={International Journal of Virtual Reality},
  volume={9},
  number={2},
  pages={1--20},
  year={2010}
}

@inproceedings{zhou2008trends,
  title={Trends in Augmented Reality Tracking, Interaction and Display: A Review of Ten Years of {ISMAR}},
  author={Zhou, Feng and Duh, Henry Been-Lirn and Billinghurst, Mark},
  booktitle={2008 7th IEEE/ACM International Symposium on Mixed and Augmented Reality},
  pages={193--202},
  year={2008},
  organization={IEEE}
}

@article{schlund2018moglichkeiten,
  title={{M{\"o}glichkeiten} der {Gestaltung} individualisierbarer {Montagearbeitspl{\"a}tze} vor dem {Hintergrund} aktueller technologischer {Entwicklungen}},
  author={Schlund, Sebastian and Mayrhofer, Walter and Rupprecht, Patrick},
  journal={Zeitschrift f{\"u}r Arbeitswissenschaft},
  volume={72},
  number={4},
  pages={276--286},
  year={2018},
  publisher={Springer}
}

@article{gattullo2019towards,
  title={Towards Augmented Reality Manuals for Industry 4.0: A Methodology},
  author={Gattullo, Michele and Scurati, Giulia Wally and Fiorentino, Michele and Uva, Antonio Emmanuele and Ferrise, Francesco and Bordegoni, Monica},
  journal={Robotics and Computer-Integrated Manufacturing},
  volume={56},
  pages={276--286},
  year={2019},
  publisher={Elsevier}
}

@article{masood2019augmented,
  title={Augmented Reality in Support of Industry 4.0---Implementation Challenges and Success Factors},
  author={Masood, Tariq and Egger, Johannes},
  journal={Robotics and Computer-Integrated Manufacturing},
  volume={58},
  pages={181--195},
  year={2019},
  publisher={Elsevier}
}

@article{bradski2000opencv,
  title={The {OpenCV} Library},
  author={Bradski, Gary},
  journal={Dr.\ Dobb's Journal of Software Tools},
  volume={25},
  pages={120--125},
  year={2000}
}

@article{rupprecht2020information,
  title={Information provision utilizing a dynamic projection system in industrial site assembly},
  author={Rupprecht, Patrick and Kueffner-McCauley, Hans and Schlund, Sebastian},
  journal={Procedia CIRP},
  volume={93},
  pages={1182--1187},
  year={2020},
  publisher={Elsevier}
}

@article{Rupprecht2021,
  title = {Adaptive Spatial Augmented Reality for Industrial Site Assembly},
  author = {Rupprecht, Patrick and Kueffner-McCauley, Hans and Trimmel, Majesa and Schlund, Sebastian},
  year = {2021},
  journal = {Procedia CIRP},
  publisher={Elsevier}
}

@inproceedings{pinhanez2001everywhere,
  title={The everywhere displays projector: A device to create ubiquitous graphical interfaces},
  author={Pinhanez, Claudio},
  booktitle={International Conference on Ubiquitous Computing},
  pages={315--331},
  year={2001},
  organization={Springer}
}

@inproceedings{ehnes2004projected,
  title={Projected augmentation-augmented reality using rotatable video projectors},
  author={Ehnes, Jochen and Hirota, Koichi and Hirose, Michitaka},
  booktitle={Third IEEE and ACM International Symposium on Mixed and Augmented Reality},
  pages={26--35},
  year={2004},
  organization={IEEE}
}

@inproceedings{borkowski2004spatial,
  title={Spatial control of interactive surfaces in an augmented environment},
  author={Borkowski, Stanislaw and Letessier, Julien and Crowley, James L},
  booktitle={IFIP International Conference on Engineering for Human-Computer Interaction},
  pages={228--244},
  year={2004},
  organization={Springer}
}

@article{butz2006applying,
  title={Applying the peephole metaphor in a mixed-reality room},
  author={Butz, Andreas and Kruger, Antonio},
  journal={IEEE Computer Graphics and applications},
  volume={26},
  number={1},
  pages={56--63},
  year={2006},
  publisher={IEEE}
}

@inproceedings{sukthankar2001smarter,
  title={Smarter presentations: Exploiting homography in camera-projector systems},
  author={Sukthankar, Rahul and Stockton, Robert G and Mullin, Matthew D},
  booktitle={Proceedings Eighth IEEE International Conference on Computer Vision (ICCV)},
  volume={1},
  pages={247--253},
  year={2001},
  organization={IEEE}
}

@inproceedings{griesser2006automatic,
  title={Automatic interactive calibration of multi-projector-camera systems},
  author={Griesser, Andreas and Van Gool, Luc},
  booktitle={Conference on Computer Vision and Pattern Recognition Workshop (CVPRW)},
  pages={8--8},
  year={2006},
  organization={IEEE}
}

@article{okatani2005autocalibration,
  title={Autocalibration of a projector-camera system},
  author={Okatani, Takayuki and Deguchi, Koichiro},
  journal={IEEE Transactions on Pattern Analysis and Machine Intelligence},
  volume={27},
  number={12},
  pages={1845--1855},
  year={2005},
  publisher={IEEE}
}

@inproceedings{raskar2001self,
  title={A self-correcting projector},
  author={Raskar, Ramesh and Beardsley, Paul},
  booktitle={Proceedings of the 2001 IEEE Computer Society Conference on Computer Vision and Pattern Recognition (CVPR)},
  volume={2},
  pages={II--II},
  year={2001},
  organization={IEEE}
}

@inproceedings{chiu2011novel,
  title={Novel projector calibration approaches of multi-resolution display},
  author={Chiu, Po-Hsun and Lin, Shih-Yao and Chan, Li-Wei and Yu, Neng-Hao and Hung, Yi-Ping},
  booktitle={2011 IEEE International Conference on Multimedia and Expo},
  pages={1--6},
  year={2011},
  organization={IEEE}
}

@article{collins2014infinitesimal,
  title={Infinitesimal plane-based pose estimation},
  author={Collins, Toby and Bartoli, Adrien},
  journal={International Journal of Computer Vision},
  volume={109},
  number={3},
  pages={252--286},
  year={2014},
  publisher={Springer}
}